%% This BibTeX bibliography file was created using BibDesk.
%% http://bibdesk.sourceforge.net/


%% Created for Alexander Greaves-Tunnell at 2016-06-01 18:20:19 -0700 


%% Saved with string encoding Unicode (UTF-8) 



@inproceedings{campbell,
	Author = {Campbell, Trevor and Straub, Julian and Fisher III, John W and How, Jonathan P},
	Booktitle = {Advances in Neural Information Processing Systems},
	Date-Added = {2016-06-02 01:19:49 +0000},
	Date-Modified = {2016-06-02 01:19:54 +0000},
	Pages = {280--288},
	Title = {Streaming, Distributed Variational Inference for Bayesian Nonparametrics},
	Year = {2015}}

@inproceedings{lin,
	Author = {Lin, Dahua},
	Booktitle = {Advances in Neural Information Processing Systems},
	Date-Added = {2016-06-02 01:18:42 +0000},
	Date-Modified = {2016-06-02 01:18:53 +0000},
	Pages = {395--403},
	Title = {Online learning of nonparametric mixture models via sequential variational approximation},
	Year = {2013}}

@article{manolopoulou,
	Author = {Manolopoulou, Ioanna and Chan, Cliburn and West, Mike},
	Date-Added = {2016-06-01 06:03:31 +0000},
	Date-Modified = {2016-06-01 06:03:56 +0000},
	Journal = {Bayesian Analysis},
	Number = {3},
	Pages = {1},
	Publisher = {NIH Public Access},
	Title = {Selection sampling from large data sets for targeted inference in mixture modeling},
	Volume = {5},
	Year = {2010}}

@article{jara,
	Author = {Jara, Alejandro and Hanson, Timothy E and Quintana, Fernando A and M{\"u}ller, Peter and Rosner, Gary L},
	Date-Added = {2016-06-01 04:56:44 +0000},
	Date-Modified = {2016-06-01 04:56:58 +0000},
	Journal = {Journal of Statistical Software},
	Number = {5},
	Pages = {1},
	Publisher = {NIH Public Access},
	Title = {DPpackage: Bayesian semi-and nonparametric modeling in R},
	Volume = {40},
	Year = {2011}}

@book{bishop,
	Author = {Christopher Bishop},
	Date-Added = {2016-06-01 03:11:07 +0000},
	Date-Modified = {2016-06-01 03:13:11 +0000},
	Publisher = {Springer},
	Title = {Pattern Recognition and Machine Learning},
	Year = {2006}}

@webpage{jordan2,
	Author = {Jordan, Michael I},
	Date-Added = {2016-06-01 02:59:26 +0000},
	Date-Modified = {2016-06-01 03:01:23 +0000},
	Title = {The Exponential Family: Conjugate Priors},
	Year = {2009}}

@article{jain,
	Author = {Jain, Sonia and Neal, Radford M},
	Date-Added = {2016-05-24 00:27:57 +0000},
	Date-Modified = {2016-05-24 00:28:23 +0000},
	Journal = {Bayesian Analysis},
	Number = {3},
	Pages = {445--472},
	Publisher = {International Society for Bayesian Analysis},
	Title = {Splitting and merging components of a nonconjugate Dirichlet process mixture model},
	Volume = {2},
	Year = {2007}}

@article{jordan,
	Author = {Jordan, Michael I and Ghahramani, Zoubin and Jaakkola, Tommi S and Saul, Lawrence K},
	Date-Added = {2016-05-20 21:47:18 +0000},
	Date-Modified = {2016-05-20 21:47:22 +0000},
	Journal = {Machine learning},
	Number = {2},
	Pages = {183--233},
	Publisher = {Springer},
	Title = {An introduction to variational methods for graphical models},
	Volume = {37},
	Year = {1999}}

@conference{daume,
	Author = {Daum{\'e} III, Hal},
	Booktitle = {Conference on Artificial Intelligence and Statistics},
	Date-Added = {2016-05-20 02:54:18 +0000},
	Date-Modified = {2016-05-20 02:57:53 +0000},
	Title = {Fast search for Dirichlet process mixture models},
	Year = {2007}}

@inproceedings{minka,
	Author = {Minka, Thomas and Ghahramani, Zoubin},
	Booktitle = {NIPS Workshop on Nonparametric Bayesian Methods and Infinite Models},
	Date-Added = {2016-05-20 02:50:50 +0000},
	Date-Modified = {2016-05-20 02:50:54 +0000},
	Title = {Expectation propagation for infinite mixtures},
	Volume = {19},
	Year = {2003}}

@article{blei,
	Author = {Blei, David M and Jordan, Michael I},
	Date-Added = {2016-05-20 02:21:07 +0000},
	Date-Modified = {2016-05-20 02:21:44 +0000},
	Journal = {Bayesian analysis},
	Number = {1},
	Pages = {121--143},
	Publisher = {International Society for Bayesian Analysis},
	Title = {Variational inference for Dirichlet process mixtures},
	Volume = {1},
	Year = {2006}}

@article{bouchard,
	Author = {Bouchard-C{\^o}t{\'e}, Alexandre and Doucet, Arnaud and Roth, Andrew},
	Date-Added = {2016-05-20 02:03:43 +0000},
	Date-Modified = {2016-05-20 02:03:48 +0000},
	Journal = {arXiv preprint arXiv:1508.02663},
	Title = {Particle Gibbs Split-Merge Sampling for Bayesian Inference in Mixture Models},
	Year = {2015}}

@inproceedings{chang,
	Author = {Chang, Jason and Fisher III, John W},
	Booktitle = {Advances in Neural Information Processing Systems},
	Date-Added = {2016-05-20 02:02:47 +0000},
	Date-Modified = {2016-05-20 02:02:51 +0000},
	Pages = {620--628},
	Title = {Parallel sampling of DP mixture models using sub-cluster splits},
	Year = {2013}}

@article{maceachern,
	Author = {MacEachern, Steven N and M{\"u}ller, Peter},
	Date-Added = {2016-05-20 01:54:14 +0000},
	Date-Modified = {2016-05-20 01:54:24 +0000},
	Journal = {Journal of Computational and Graphical Statistics},
	Number = {2},
	Pages = {223--238},
	Publisher = {Taylor \&amp; Francis Group},
	Title = {Estimating mixture of Dirichlet process models},
	Volume = {7},
	Year = {1998}}

@book{west,
	Author = {West, Mike and Escobar, Michael D},
	Date-Added = {2016-05-20 01:24:39 +0000},
	Date-Modified = {2016-05-20 01:24:43 +0000},
	Publisher = {Institute of Statistics and Decision Sciences, Duke University},
	Title = {Hierarchical priors and mixture models, with application in regression and density estimation},
	Year = {1993}}

@article{bush,
	Author = {Bush, Christopher A and MacEachern, Steven N},
	Date-Added = {2016-05-20 01:23:36 +0000},
	Date-Modified = {2016-05-20 01:23:44 +0000},
	Journal = {Biometrika},
	Number = {2},
	Pages = {275--285},
	Publisher = {Biometrika Trust},
	Title = {A semiparametric Bayesian model for randomised block designs},
	Volume = {83},
	Year = {1996}}

@article{lo,
	Author = {Lo, Albert Y},
	Date-Added = {2016-05-20 01:04:27 +0000},
	Date-Modified = {2016-05-20 01:04:46 +0000},
	Journal = {The Annals of Statistics},
	Number = {1},
	Pages = {351--357},
	Publisher = {Institute of Mathematical Statistics},
	Title = {On a class of Bayesian nonparametric estimates: I. Density estimates},
	Volume = {12},
	Year = {1984}}

@techreport{pitman,
	Author = {Pitman, Jim},
	Date-Added = {2016-05-20 00:49:13 +0000},
	Date-Modified = {2016-05-20 00:49:59 +0000},
	Institution = {Technical Report 621, Dept. Statistics, UC Berkeley},
	Title = {Combinatorial stochastic processes},
	Year = {2002}}

@article{blackwell,
	Author = {Blackwell, David and MacQueen, James B},
	Date-Added = {2016-05-20 00:45:16 +0000},
	Date-Modified = {2016-05-20 00:45:20 +0000},
	Journal = {The annals of statistics},
	Pages = {353--355},
	Publisher = {JSTOR},
	Title = {Ferguson distributions via P{\'o}lya urn schemes},
	Year = {1973}}

@phdthesis{sudderth,
	Author = {Sudderth, Erik B},
	Date-Added = {2016-05-20 00:24:24 +0000},
	Date-Modified = {2016-06-01 05:00:48 +0000},
	School = {MIT},
	Title = {Graphical models for visual object recognition and tracking},
	Year = {2006}}

@article{ferguson,
	Author = {Ferguson, Thomas S},
	Date-Added = {2016-05-19 23:25:45 +0000},
	Date-Modified = {2016-05-19 23:25:53 +0000},
	Journal = {The annals of statistics},
	Pages = {209--230},
	Publisher = {JSTOR},
	Title = {A Bayesian analysis of some nonparametric problems},
	Year = {1973}}

@article{neal,
	Author = {Neal, Radford M},
	Date-Added = {2016-04-28 23:59:22 +0000},
	Date-Modified = {2016-04-28 23:59:36 +0000},
	Journal = {Journal of Computational and Graphical Statistics},
	Number = {2},
	Pages = {249--265},
	Publisher = {Taylor \&amp; Francis Group},
	Title = {Markov chain sampling methods for Dirichlet process mixture models},
	Volume = {9},
	Year = {2000}}

@article{wang,
	Author = {Wang, Lianming and Dunson, David B},
	Date-Added = {2016-04-28 23:39:57 +0000},
	Date-Modified = {2016-04-28 23:40:02 +0000},
	Journal = {Journal of Computational and Graphical Statistics},
	Number = {1},
	Pages = {196--216},
	Publisher = {Taylor \&amp; Francis},
	Title = {Fast Bayesian inference in Dirichlet process mixture models},
	Volume = {20},
	Year = {2011}}

@article{zhang,
	Author = {Zhang, Xiaole and Nott, David J and Yau, Christopher and Jasra, Ajay},
	Date-Added = {2016-04-28 23:39:28 +0000},
	Date-Modified = {2016-04-28 23:39:35 +0000},
	Journal = {Journal of Computational and Graphical Statistics},
	Number = {4},
	Pages = {1143--1162},
	Publisher = {Taylor \&amp; Francis},
	Title = {A sequential algorithm for fast fitting of Dirichlet process mixture models},
	Volume = {23},
	Year = {2014}}
